<record><leader>00000cas a2200000 a 4500</leader><controlfield tag="001">11285277</controlfield><controlfield tag="008">841019d18651928iluwr ne      0    0eng c</controlfield><datafield ind1=" " ind2=" " tag="010"><subfield code="a">sn 84038371 </subfield></datafield><datafield ind1=" " ind2=" " tag="040"><subfield code="a">NPX</subfield><subfield code="b">eng</subfield><subfield code="c">NPX</subfield><subfield code="d">NPU</subfield><subfield code="d">NVF</subfield><subfield code="d">OCLCQ</subfield><subfield code="d">NVF</subfield><subfield code="d">KRTAS</subfield><subfield code="d">OCLCQ</subfield><subfield code="d">OCLCF</subfield><subfield code="d">OCLCO</subfield></datafield><datafield ind1="1" ind2=" " tag="029"><subfield code="a">AU@</subfield><subfield code="b">000025496074</subfield></datafield><datafield ind1=" " ind2=" " tag="042"><subfield code="a">pcc</subfield></datafield><datafield ind1=" " ind2=" " tag="043"><subfield code="a">n-us-il</subfield></datafield><datafield ind1="0" ind2=" " tag="130"><subfield code="a">Carthage gazette (Carthage, Ill. : 1865)</subfield></datafield><datafield ind1="1" ind2="4" tag="245"><subfield code="a">The Carthage gazette.</subfield></datafield><datafield ind1=" " ind2=" " tag="260"><subfield code="a">Carthage, Ill. :</subfield><subfield code="b">F.E. Fowler,</subfield><subfield code="c">1865-1928.</subfield></datafield><datafield ind1=" " ind2=" " tag="300"><subfield code="a">v.</subfield></datafield><datafield ind1=" " ind2=" " tag="310"><subfield code="a">Weekly</subfield></datafield><datafield ind1="0" ind2=" " tag="362"><subfield code="a">Vol. 1, no. 1 (June 29, 1865)-v. 62, no. 43 (May 11, 1928).</subfield></datafield><datafield ind1=" " ind2=" " tag="515"><subfield code="a">June 28, 1866-June 5, 1878 called also whole no. 53-667.</subfield></datafield><datafield ind1=" " ind2=" " tag="580"><subfield code="a">Merged with: News of Fountain Green, to form: Gazette-news (Carthage, Ill.).</subfield></datafield><datafield ind1=" " ind2="0" tag="651"><subfield code="a">Carthage (Ill.)</subfield><subfield code="v">Newspapers.</subfield></datafield><datafield ind1=" " ind2="7" tag="655"><subfield code="a">Newspapers.</subfield><subfield code="2">fast</subfield><subfield code="0">(OCoLC)fst01423814</subfield></datafield><datafield ind1=" " ind2="7" tag="651"><subfield code="a">Illinois</subfield><subfield code="z">Carthage.</subfield><subfield code="2">fast</subfield><subfield code="0">(OCoLC)fst01217938</subfield></datafield><datafield ind1=" " ind2=" " tag="752"><subfield code="a">United States</subfield><subfield code="b">Illinois</subfield><subfield code="c">Hancock</subfield><subfield code="d">Carthage.</subfield></datafield><datafield ind1="1" ind2="7" tag="785"><subfield code="t">News of Fountain Green</subfield><subfield code="w">(DLC)sn2004061929</subfield><subfield code="w">(OCoLC)55000546</subfield></datafield><datafield ind1="1" ind2="7" tag="785"><subfield code="t">Gazette-news (Carthage, Ill.)</subfield><subfield code="w">(DLC)sn 93055548</subfield><subfield code="w">(OCoLC)28118371</subfield></datafield><datafield ind1=" " ind2=" " tag="938"><subfield code="a">Kirtas Technologies, Inc.</subfield><subfield code="b">KRTS</subfield><subfield code="n">738844</subfield></datafield></record>